@patent{nasapatent,
	author = "Kurt Kessel",
	title = "Lighting System to Improve Circadian Rhythm Contro",
	journal = "National Aeronautics and Space Administration"
}
